@article{xu2020automatic,
  title={Automatic perturbation analysis for scalable certified robustness and beyond},
  author={Xu, Kaidi and Shi, Zhouxing and Zhang, Huan and Wang, Yihan and Chang, Kai-Wei and Huang, Minlie and Kailkhura, Bhavya and Lin, Xue and Hsieh, Cho-Jui},
  journal={Advances in Neural Information Processing Systems},
  volume={33},
  year={2020}
}

@misc{wandb,
title = {Experiment Tracking with Weights and Biases},
year = {2020},
note = {Software available from wandb.com},
url={https://www.wandb.com/},
author = {Biewald, Lukas},
}